%NEED to find a report or article that states there is some percentage of boron in the 

@BOOK{fundamentals,
	author = "J. Kenneth Shultis and Richard E. Faw",
	title = "{F}undamentals of Nuclear Science and Engineering",
	publisher = "Taylor \& Francis Group",
	year = "2008",
	address = "6000 Broken Sound Parkway NW, Suit 300, Boca raton, FL 33487"
}

@BOOK{shultis_mc,
    author = "J.K. Shultis and W.L. Dunn",
    title = "{E}xploring {M}onte {C}arlo {M}ethods",
    publisher = "Academic Press",
    address = "Burlington, MA 01803",
    year = "2012"
}

@MastersTHESIS{jake,
    author = "J.R. Peterson",
    title = "{E}xponentially {C}onvergent {M}onte {C}arlo for the 1-D {T}ransport    {E}quation",
    school = "Texas A\&M",
    year = "2014"
}

@PHDTHESIS{wolters,
    author = "E.R. Wolters",
    title = "Hybrid Monte Carlo - Deterministic Neutron Transport Methods Using
        Nonlinear Functionals",
    school = "Michigan",
    year = "2011"
}

@article{spanier_mc,
Author = {Kong, Rong and Spanier, Jerome},
Journal = {Journal of Computational Physics},
Pages = {9762 - 9777},
Title = {A new proof of geometric convergence for general transport problems based on sequential correlated sampling methods.},
Volume = {227},
Year = {2008},
}



@unpublished{jake_mnc,
    author = "J.R. Peterson and J.E. Morel and J.C. Ragusa",
    title = "{E}xponentially {C}onvergent {M}onte {C}arlo for the 1-D {T}ransport {E}quation",
    note = "{M\&C}",
    address = "Sun Valley, ID",
    date = "May 5-9",
    year = 2013
}

@inproceedings{ans_2014,
    author = "S.R. Bolding and J.E. Morel",
    title = "{A High-Order Low-Order Algorithm with Exponentially-Convergent Monte
               Carlo for $k$-Eigenvalue problems}",
    address = "ANS Winter Meeting. Anaheim, CA",
    date = "Nov 9-13",
    year = "2014"
}

@article{teleportation,
  title={Comparison of implicit and symbolic implicit Monte Carlo line transport with frequency weight vector extension},
  author={McKinley, Michael Scott and Brooks III, Eugene D and Szoke, Abraham},
  journal={Journal of Computational Physics},
  volume={189},
  number={1},
  pages={330--349},
  year={2003}
}

@book{pomraning,
  title={The equations of radiation hydrodynamics},
  author={Pomraning, Gerald C},
  year={1973},
  publisher={Courier Corporation}
}

@article{wollaber2013discrete,
  title={A Discrete Maximum Principle for the Implicit Monte Carlo Equations},
  author={Wollaber, Allan B and Larsen, Edward W and Densmore, Jeffery D},
  journal={Nuclear Science and Engineering},
  volume={173},
  number={3},
  pages={259--275},
  year={2013},
  publisher={American Nuclear Society, Inc., 555 N. Kensington Ave. La Grange Park IL 60525 United States}
}


@article{ddmc,
  title={A hybrid transport-diffusion Monte Carlo method for frequency-dependent radiative-transfer simulations},
  author={Densmore, Jeffery D and Thompson, Kelly G and Urbatsch, Todd J},
  journal={Journal of Computational Physics},
  volume={231},
  number={20},
  pages={6924--6934},
  year={2012},
  publisher={Elsevier}
}

@article{imd,
  title={Implicit Monte Carlo diffusion: An acceleration method for Monte Carlo time-dependent radiative transfer simulations},
  author={Gentile, NA},
  journal={Journal of Computational Physics},
  volume={172},
  number={2},
  pages={543--571},
  year={2001},
  publisher={Elsevier}
}

@article{jarrod,
  title = {Nonlinear variants of the the TR/BDF2 method for thermal radiative
      diffusion},
  author = {Edwards, JD and Morel, J. E. and Knoll, Dana A.},
  journal = {Journal of Computational Physics},
  volume = {230},
  number = {4},
  pages = {1198--1214},
  year = {2011},
  publisher = {Elsevier}
}

@article{fnc,
    author = {Fleck,Jr., J. A. and Cummings,Jr., J. D.},
    title = {An Implicit Monte Carlo Scheme for Calculating Time and Frequency Dependent Nonlinear Radiation Transport},
    journal = {J. Comput. Phys.},
    volume = {8},
    number = {3},
    month = dec,
    year = {1971},
    pages = {313--342},
} 

@inproceedings{willert,
    author = "J. Willert and C.T. Kelly and D.A. Knoll and H. Park",
    title = "{A Hybrid Approach to the Neutron Transport k-Eigenvalue Problem using
        NDA-based Algorithms}",
    address = "M\&C. Sun Valley, ID",
    date = "May 5-9",
    year = 2013
}

@article{larsen_error,
 author = {Edward W. Larsen, Paul Nelson},
 journal = {SIAM Journal on Numerical Analysis},
 number = {2},
 pages = {334-348},
 publisher = {Society for Industrial and Applied Mathematics},
 title = {Finite-Difference Approximations and Superconvergence for the Discrete-Ordinate Equations in Slab Geometry},
 volume = {19},
 year = {1982}
}

@article{densmore_edl,
title = "Asymptotic equilibrium diffusion analysis of time-dependent Monte Carlo methods for grey radiative transfer ",
journal = "Journal of Computational Physics ",
volume = "199",
number = "1",
pages = "175 - 204",
year = "2004",
author = "Jeffery D. Densmore and Edward W. Larsen"
}

@article{larsen_edl,
title = "Asymptotic analysis of radiative transfer problems",
journal = "Journal of Quantitative Spectroscopy and Radiative Transfer",
volume = "29",
number = "4",
pages = "285 - 310",
year = "1983",
issn = "0022-4073",
author = "E.W. Larsen and G.C. Pomraning and V.C. Badham",
}




@article{larsen_mpv,
 author = {Larsen, Edward W. and Kumar, Akansha and Morel, Jim E.},
 title = {Properties of the Implicitly Time-differenced Equations of Thermal Radiation Transport},
 journal = {J. Comput. Phys.},
 issue_date = {April, 2013},
 volume = {238},
 month = apr,
 year = {2013},
 pages = {82--96},
 publisher = {Academic Press Professional, Inc.},
 address = {San Diego, CA, USA},
} 

@article{rmc,
    title = "Residual Monte Carlo High-order Solver for Moment-Based Accelerated Thermal Radiative Transfer Equations ",
    journal = "Journal of Computational Physics ",
    volume = "276",
    pages = "405 - 421",
    year = "2014",
    author = "Jeffrey Willert and H. Park"
}
@inproceedings{park,
    author = "H. Park and J.D. Densmore and A.B. Wollaber and D.A. Knoll and  R.M. Ramenzahn",
    title = "{Monte Carlo Solution Methods in a Moment-Based Scale-Bridging Algorithm
        For Thermal Radiative Transfer Problems}",
    address = "M\&C. Sun Valley, ID",
    date = "May 5-9",
    year = 2013
}
@article{morel_newton,
    author = "J.E. Morel and T.A. Wareing and K. Smith",
    title = "{Linear-Discontinuous Spatial Differencing Scheme for $S_n$
    Radiative Transfer Calculations}",
    journal = "Journal of Computational Physics", 
    year = "1996",
    pages = "445--462",
    volume = 128
}




@ARTICLE{nka,
  author= {{Calef}, M.~T. and {Fichtl}, E.~D. and {Warsa}, J.~S. and {Berndt}, M. and 
        {Carlson}, N.~N.},
  title = "{Nonlinear Krylov Acceleration Applied to a Discrete Ordinates
           Formulation of the k-Eigenvalue Problem}",
  journal = {ArXiv e-prints},
  archivePrefix = "arXiv",
  eprint = {1112.3568},
  primaryClass = "physics.comp-ph",
  keywords = {Physics - Computational Physics},
  year = 2011,
  month = dec
}  
                   
@unpublished{jayenne,
    author = "T.J. Urbatsch and T.M. Evans",
    title = "{Milagro Version 2 An Implicit Monte Carlo Code for Thermal Radiative
        Transfer: Capabilities, Development, and Usage}",
    note = "Los Alamos National Laboratory Report LA-14195-MS",
    year = "2006"
}

@article{sood,
  title={Analytical benchmark test set for criticality code verification},
  author={Sood, Avneet and Forster, R Arthur and Kent Parsons, D},
  journal={Progress in Nuclear Energy},
  volume={42},
  number={1},
  pages={55--106},
  year={2003},
  publisher={Elsevier}
}

%    booktitle = "International Conference on Mathematics and Computational Methods
%   Applied to Nuclear Science \& Engineering",

